<record><leader>00000cas a22000007a 4500</leader><controlfield tag="001">16970370</controlfield><controlfield tag="008">871112d197u1976wiuer ne      0    0eng d</controlfield><datafield ind1=" " ind2=" " tag="010"><subfield code="a">sn 87082855 </subfield></datafield><datafield ind1=" " ind2=" " tag="040"><subfield code="a">NPV</subfield><subfield code="b">eng</subfield><subfield code="c">NPV</subfield><subfield code="d">OCLCQ</subfield></datafield><datafield ind1=" " ind2=" " tag="042"><subfield code="a">msc</subfield></datafield><datafield ind1="0" ind2="0" tag="245"><subfield code="a">Ashwaubenon press.</subfield></datafield><datafield ind1=" " ind2=" " tag="260"><subfield code="a">[Green Bay, Wis.] :</subfield><subfield code="b">Lois Aubinger,</subfield><subfield code="c">-1976.</subfield></datafield><datafield ind1=" " ind2=" " tag="300"><subfield code="a">v.</subfield></datafield><datafield ind1=" " ind2=" " tag="310"><subfield code="a">Biweekly</subfield></datafield><datafield ind1="0" ind2=" " tag="362"><subfield code="a">-v. 6, no. 19 (Aug. 6, 1976).</subfield></datafield><datafield ind1=" " ind2=" " tag="588"><subfield code="a">Description based on: Vol. 6, no. 12 (Feb. 20, 1976).</subfield></datafield><datafield ind1=" " ind2=" " tag="752"><subfield code="a">United States</subfield><subfield code="b">Wisconsin</subfield><subfield code="c">Brown</subfield><subfield code="d">Ashwaubenon.</subfield></datafield><datafield ind1="0" ind2="0" tag="785"><subfield code="t">Ashwaubenon-Allouez press</subfield><subfield code="w">(DLC)sn 87082857</subfield></datafield></record>